@article{paper_Giessen_meta,
    author={Michael Christian Gwinner and  Elisabeth Koroknay and Liwei Fu and Piotr Patoka and Witold Kandulski and Michael Giersig and Harald Giessen},
    title={Periodic Large-Area Metallic Split-Ring Resonator
Metamaterial Fabrication Based on Shadow Nanosphere Lithography},
    journal={SMALL},
    volume={5},
    number={3},
    pages={400-406},
    year={2009},
}

@thesis{wollet10a,
    author  ={Larissa Wollet},
    title   ={Metamaterialien und {D}idaktik des {V}ersuchs {“}{H}erstellung von {M}etamaterialien{”}
    des {F}ortgeschrittenenpraktikums},
    year    ={2010},
    }

@manual{manual,
    author  ={Bettina Frank},
    title   ={Preparation of a colloidal monolayer},
    }
