@article{brouri,
    author = {Rosa Brouri and Alexios Beveratos and Jean-Philippe Poizat and Philippe Grangier},
    journal = {Opt. Lett.},
    keywords = {Photon counting; Confocal microscopy; Photon statistics; Ion lasers; Laser beams; Laser irradiation; Nitrogen vacancy centers; Quantum cryptography; Spontaneous emission},
    number = {17},
    pages = {1294--1296},
    publisher = {OSA},
    title = {Photon antibunching in the fluorescence of individual color centers in diamond},
    volume = {25},
    month = {Sep},
    year = {2000},
    url = {http://ol.osa.org/abstract.cfm?URI=ol-25-17-1294},
    doi = {10.1364/OL.25.001294},
    abstract = {We observed photon antibunching in the fluorescent light emitted from a single nitrogen-vacancy center in diamond at room temperature. The possibility of generating triggerable single photons with such a solid-state system is discussed.},
}