@Thesis{barz,    author = {Prof. Dr. Stefanie Barz},    title = {Eine Quelle polarisationsverschränkter Photonenpaare für das physikalische Praktikum für Fortgeschrittene},    school = {University Mainz},    year = {2008},    type = {Diploma thesis},}