@booklet{anleitung,
    %author   = "",
    title     = "Photolumineszenz von Halbleiter-Quantenpunkten",
    %howpublished   = "",
    %address  = "",
    %year      = "XXXX",
    %month    = "",
    note     = "FP Veruchsanleitung",
}
@book{Nolting,
    author    = "Wolfgang Nolting",
    title     = "Grundkurs Theoretische Physik 5/1 Quantenmechanik - Grundlagen",
    publisher = "Springer-Verlag",
    %volume   = "",
    %number   = "",
    %series   = "",
    %address  = "",
    edition  = "7",
    year      = "2009",
    %month    = "",
    %note     = "",
}
@book{Haken_Wolf,
    author    = "H. Haken, H. C. Wolf",
    title     = "Atom- und Quantenphysik: Einf√ºhrungin die experimentellen und theoretischen Grundlagen" ,
    publisher = "Springer-Verlag",
    %volume   = "",
    %number   = "",
    %series   = "",
    %address  = "",
    edition  = "8",
    year      = "2004",
    %month    = "",
    %note     = "",
}


    
@book{quantum_dot,
    author    = "D. Bimberg, M.Grundmann, N.N. Ledentsov",
    title     = "Quantum Dot Heterostructures" ,
    publisher = "John Wiley \& Sons",
    %volume   = "",
    %number   = "",
    %series   = "",
    %address  = "",
    %edition  = "8",
    year      = "1999",
    %month    = "",
    %note     = "",
}

@online{NaD,
    url         = {https://www.chemie.de/lexikon/Natrium-D-Linie.html},
    title       = {Chemie.de: Natrium-D-Linie},
    timestamp   = {27.07.2019}
}
