@article{roll,
    author  = {R\"oll, K},
    affiliation   = {Universit\"at Gesamthochschule Kassel},
    title   = {Magneto-optical Discs}
}

@online{wikicd,
    title   = {Compact Disc},
    author  = {Wikipedia},
    date    = {11. 07. 2019},
    url     = {https://de.wikipedia.org/wiki/Compact_Disc},
}

@online{wikikerr,
    title   = {Magnetooptischer Kerr-Effekt},
    author  = {Wikipedia},
    date    = {11. 07. 2019},
    url     = {https://de.wikipedia.org/wiki/Magnetooptischer_Kerr-Effekt},
}