@book{Plasmaphysik,
    author    = "Ulrich Stroth ",
    title     = "Plasmaphysik Phänomene, Grundlagen, Anwendungen Studium",
    year      = "2011",
    publisher = "Vieweg+Teubner Verlag ",
}

@misc{wiki:Glimmentladung,
	author = "{Wikipedia}",
	title = "{Glimmentladung}",
	url =  "https://de.wikipedia.org/wiki/Glimmentladung",
	note= "{Stand 25.11.18}"
}

@misc{Hochpass_Tiefpass,
	author = "{Reinhard Rahner}",
	title = "{1 - Passives RC-Glied}",
	url =  "https://www.rahner-edu.de/grundlagen/signale-richtig-verstehen/rc-schaltung-1/",
	note= "{Stand 26.11.18}"
}


@manual{anleitung,
	author = "{Universität Stuttgart Fortgeschrittenen Praktikum}",
	title = "{Elektrische Soonden im Plasma}",
	note = "{Stand: 19.10.2018}",
}